<record><leader>00000cas a22000007a 4500</leader><controlfield tag="001">11288608</controlfield><controlfield tag="008">841020d18761901ohuwr ne      0    0eng d</controlfield><datafield ind1=" " ind2=" " tag="010"><subfield code="a">sn 84028678 </subfield></datafield><datafield ind1=" " ind2=" " tag="040"><subfield code="a">NPY</subfield><subfield code="b">eng</subfield><subfield code="c">NPY</subfield><subfield code="d">NPX</subfield><subfield code="d">ONP</subfield><subfield code="d">OCLCQ</subfield></datafield><datafield ind1=" " ind2=" " tag="042"><subfield code="a">msc</subfield></datafield><datafield ind1="0" ind2=" " tag="130"><subfield code="a">Winchester times (Canal Winchester, Ohio : 1876)</subfield></datafield><datafield ind1="1" ind2="4" tag="245"><subfield code="a">The Winchester times.</subfield></datafield><datafield ind1="1" ind2="3" tag="246"><subfield code="a">Canal Winchester times</subfield></datafield><datafield ind1=" " ind2=" " tag="260"><subfield code="a">Canal Winchester, Ohio :</subfield><subfield code="b">Heffly &amp; Bott,</subfield><subfield code="c">-1901.</subfield></datafield><datafield ind1=" " ind2=" " tag="300"><subfield code="a">v. :</subfield><subfield code="b">ill. ;</subfield><subfield code="c">52 cm.</subfield></datafield><datafield ind1=" " ind2=" " tag="310"><subfield code="a">Weekly</subfield></datafield><datafield ind1="1" ind2=" " tag="362"><subfield code="a">Began in 1876.</subfield></datafield><datafield ind1="0" ind2=" " tag="362"><subfield code="a">-v. 30, no. 2 (Jan. 9, 1901).</subfield></datafield><datafield ind1=" " ind2=" " tag="500"><subfield code="a">Independent. Cf. Gutgesell, S. Guide to Ohio newspapers, 1974.</subfield></datafield><datafield ind1=" " ind2=" " tag="588"><subfield code="a">Description based on: Vol. 6, no. 30 (Nov. 9, 1876).</subfield></datafield><datafield ind1=" " ind2=" " tag="752"><subfield code="a">United States</subfield><subfield code="b">Ohio</subfield><subfield code="c">Franklin</subfield><subfield code="d">Canal Winchester.</subfield></datafield><datafield ind1="0" ind2="0" tag="780"><subfield code="t">Canal Winchester times</subfield><subfield code="w">(DLC)sn 85026448</subfield></datafield><datafield ind1="0" ind2="0" tag="785"><subfield code="t">Times (Canal Winchester, Ohio)</subfield><subfield code="w">(DLC)sn 85009328</subfield></datafield></record>